@article{Gillan2016,
	doi = {10.7554/elife.11305},
	url = {https://doi.org/10.7554/elife.11305},
	year = 2016,
	month = {mar},
	publisher = {{eLife} Sciences Publications, Ltd},
	volume = {5},
	author = {Claire M Gillan and Michal Kosinski and Robert Whelan and Elizabeth A Phelps and Nathaniel D Daw},
	title = {Characterizing a psychiatric symptom dimension related to deficits in goal-directed control},
	journal = {{eLife}}
}
@article{Otto2013,
	doi = {10.1073/pnas.1312011110},
	url = {https://doi.org/10.1073/pnas.1312011110},
	year = 2013,
	month = {dec},
	publisher = {Proceedings of the National Academy of Sciences},
	volume = {110},
	number = {52},
	pages = {20941--20946},
	author = {A. R. Otto and C. M. Raio and A. Chiang and E. A. Phelps and N. D. Daw},
	title = {Working-memory capacity protects model-based learning from stress},
	journal = {Proceedings of the National Academy of Sciences}
}
@article{Huys2011,
	doi = {10.1371/journal.pcbi.1002028},
	url = {https://doi.org/10.1371/journal.pcbi.1002028},
	year = 2011,
	month = {apr},
	publisher = {Public Library of Science ({PLoS})},
	volume = 7,
	number = 4,
	pages = {e1002028},
	author = {Quentin J. M. Huys and Roshan Cools and Martin GÃ¶lzer and Eva Friedel and Andreas Heinz and Raymond J. Dolan and Peter Dayan},
	editor = {Antonio Rangel},
	title = {Disentangling the Roles of Approach, Activation and Valence in Instrumental and Pavlovian Responding},
	journal = {{PLoS} Computational Biology}
}
@article{Daw2011,
  doi = {10.1016/j.neuron.2011.02.027},
  url = {https://doi.org/10.1016/j.neuron.2011.02.027},
  year = {2011},
  month = mar,
  publisher = {Elsevier {BV}},
  volume = {69},
  number = {6},
  pages = {1204--1215},
  author = {Nathaniel~D. Daw and Samuel~J. Gershman and Ben Seymour and Peter Dayan and Raymond~J. Dolan},
  title = {Model-Based Influences on Humans{\textquotesingle} Choices and Striatal Prediction Errors},
  journal = {Neuron}
}
@article{Salvatier2016,
  doi = {10.7717/peerj-cs.55},
  url = {https://doi.org/10.7717/peerj-cs.55},
  year = {2016},
  month = apr,
  publisher = {{PeerJ}},
  volume = {2},
  pages = {e55},
  author = {John Salvatier and Thomas V. Wiecki and Christopher Fonnesbeck},
  title = {Probabilistic programming in Python using {PyMC}3},
  journal = {{PeerJ} Computer Science}
}
@misc{website:hpp,
      author = "{The PyMC Development Team}",
      month = may,
      year = 2021,
      title = "Hierarchical Partial Pooling",
      url = "https://docs.pymc.io/pymc-examples/examples/case_studies/hierarchical_partial_pooling.html"
}
@misc{website:jax,
      author = "Thomas Wiecki",
      month = may,
      year = 2020,
      title = "Using JAX for fasting sampling",
      url = "https://docs.pymc.io/notebooks/GLM-hierarchical-jax.html"
}
@misc{website:qlearn,
      author = "Dhanoop Karunakaran",
      month = sep,
      year = 2020,
      date = 17,
      title = "Q-learning: a value-based reinforcement learning algorithm",
      url = "https://medium.com/intro-to-artificial-intelligence/q-learning-a-value-based-reinforcement-learning-algorithm-272706d835cf"
}
@misc{website:qlearn-deep,
      author = "Mike Wang",
      month = nov,
      year = 2020,
      date = 18,
      title = "Deep Q-Learning Tutorial: minDQN",
      url = "https://towardsdatascience.com/deep-q-learning-tutorial-mindqn-2a4c855abffc"
}
@article{hyperselect,
  author    = {Tom Le Paine and
               Cosmin Paduraru and
               Andrea Michi and
               {\c{C}}aglar G{\"{u}}l{\c{c}}ehre and
               Konrad Zolna and
               Alexander Novikov and
               Ziyu Wang and
               Nando de Freitas},
  title     = {Hyperparameter Selection for Offline Reinforcement Learning},
  journal   = {CoRR},
  volume    = {abs/2007.09055},
  year      = {2020},
  url       = {https://arxiv.org/abs/2007.09055},
  archivePrefix = {arXiv},
  eprint    = {2007.09055},
  timestamp = {Wed, 20 Jan 2021 16:29:33 +0100},
  biburl    = {https://dblp.org/rec/journals/corr/abs-2007-09055.bib},
  bibsource = {dblp computer science bibliography, https://dblp.org}
}